@article{1,
  title={Road centreline extraction from high-resolution imagery based on multiscale structural features and support vector machines},
  author={Huang, Xin and Zhang, Liangpei},
  journal={International Journal of Remote Sensing},
  volume={30},
  number={8},
  pages={1977--1987},
  year={2009},
  publisher={Taylor \& Francis}
}

@inproceedings{2,
  title={Learning to detect roads in high-resolution aerial images},
  author={Mnih, Volodymyr and Hinton, Geoffrey E},
  booktitle={European conference on computer vision},
  pages={210--223},
  year={2010},
  organization={Springer}
}

@article{3,
  title={Road network detection using probabilistic and graph theoretical methods},
  author={Unsalan, Cem and Sirmacek, Beril},
  journal={IEEE Transactions on Geoscience and Remote Sensing},
  volume={50},
  number={11},
  pages={4441--4453},
  year={2012},
  publisher={IEEE}
}

@inproceedings{4,
  title={Urban road extraction via graph cuts based probability propagation},
  author={Cheng, Guangliang and Wang, Ying and Gong, Yongchao and Zhu, Feiyun and Pan, Chunhong},
  booktitle={2014 IEEE International Conference on Image Processing (ICIP)},
  pages={5072--5076},
  year={2014},
  organization={IEEE}
}

@article{5,
  title={Multiple object extraction from aerial imagery with convolutional neural networks},
  author={Saito, Shunta and Yamashita, Takayoshi and Aoki, Yoshimitsu},
  journal={Electronic Imaging},
  volume={2016},
  number={10},
  pages={1--9},
  year={2016},
  publisher={Society for Imaging Science and Technology}
}

@article{6,
  title={Hierarchical graph-based segmentation for extracting road networks from high-resolution satellite images},
  author={Alshehhi, Rasha and Marpu, Prashanth Reddy},
  journal={ISPRS journal of photogrammetry and remote sensing},
  volume={126},
  pages={245--260},
  year={2017},
  publisher={Elsevier}
}

@article{7,
  title={Main road extraction from zy-3 grayscale imagery based on directional mathematical morphology and vgi prior knowledge in urban areas},
  author={Liu, Bo and Wu, Huayi and Wang, Yandong and Liu, Wenming},
  journal={PloS one},
  volume={10},
  number={9},
  pages={e0138071},
  year={2015},
  publisher={Public Library of Science San Francisco, CA USA}
}

@article{8,
  title={Connected component-based technique for automatic extraction of road centerline in high resolution satellite images},
  author={Sujatha, Chinnathevar and Selvathi, Dharmar},
  journal={EURASIP Journal on Image and Video Processing},
  volume={2015},
  number={1},
  pages={1--16},
  year={2015},
  publisher={Springer}
}

@article{9,
  title={Automatic road detection and centerline extraction via cascaded end-to-end convolutional neural network},
  author={Cheng, Guangliang and Wang, Ying and Xu, Shibiao and Wang, Hongzhen and Xiang, Shiming and Pan, Chunhong},
  journal={IEEE Transactions on Geoscience and Remote Sensing},
  volume={55},
  number={6},
  pages={3322--3337},
  year={2017},
  publisher={IEEE}
}

@article{10,
  title={Road centerline extraction via semisupervised segmentation and multidirection nonmaximum suppression},
  author={Cheng, Guangliang and Zhu, Feiyun and Xiang, Shiming and Pan, Chunhong},
  journal={IEEE Geoscience and Remote Sensing Letters},
  volume={13},
  number={4},
  pages={545--549},
  year={2016},
  publisher={IEEE}
}

@article{11,
  title={Road extraction using SVM and image segmentation},
  author={Song, Mingjun and Civco, Daniel},
  journal={Photogrammetric Engineering \& Remote Sensing},
  volume={70},
  number={12},
  pages={1365--1371},
  year={2004},
  publisher={American Society for Photogrammetry and Remote Sensing}
}

@article{12,
  title={Use of salient features for the design of a multistage framework to extract roads from high-resolution multispectral satellite images},
  author={Das, Sukhendu and Mirnalinee, TT and Varghese, Koshy},
  journal={IEEE transactions on Geoscience and Remote sensing},
  volume={49},
  number={10},
  pages={3906--3931},
  year={2011},
  publisher={IEEE}
}

@article{13,
  title={Learning deep features for scene recognition using places database},
  author={Zhou, Bolei and Lapedriza, Agata and Xiao, Jianxiong and Torralba, Antonio and Oliva, Aude},
  journal={Advances in neural information processing systems},
  volume={27},
  year={2014}
}

@article{14,
  title={Faster r-cnn: Towards real-time object detection with region proposal networks},
  author={Ren, Shaoqing and He, Kaiming and Girshick, Ross and Sun, Jian},
  journal={Advances in neural information processing systems},
  volume={28},
  year={2015}
}

@inproceedings{15,
  title={Learning to label aerial images from noisy data},
  author={Mnih, Volodymyr and Hinton, Geoffrey E},
  booktitle={Proceedings of the 29th International conference on machine learning (ICML-12)},
  pages={567--574},
  year={2012}
}

@inproceedings{16,
  title={CNN based suburban building detection using monocular high resolution Google Earth images},
  author={Zhang, Qinchuan and Wang, Yunhong and Liu, Qingjie and Liu, Xiangyu and Wang, Wei},
  booktitle={2016 IEEE International Geoscience and Remote Sensing Symposium (IGARSS)},
  pages={661--664},
  year={2016},
  organization={IEEE}
}

@article{17,
  title={Deep learning for remote sensing data: A technical tutorial on the state of the art},
  author={Zhang, Liangpei and Zhang, Lefei and Du, Bo},
  journal={IEEE Geoscience and remote sensing magazine},
  volume={4},
  number={2},
  pages={22--40},
  year={2016},
  publisher={IEEE}
}

@inproceedings{18,
  title={A CNN based functional zone classification method for aerial images},
  author={Zhang, Zhengxin and Wang, Yunhong and Liu, Qinjie and Li, Lingling and Wang, Ping},
  booktitle={2016 IEEE International Geoscience and Remote Sensing Symposium (IGARSS)},
  pages={5449--5452},
  year={2016},
  organization={IEEE}
}

@inproceedings{19,
  title={Going deeper with convolutions},
  author={Szegedy, Christian and Liu, Wei and Jia, Yangqing and Sermanet, Pierre and Reed, Scott and Anguelov, Dragomir and Erhan, Dumitru and Vanhoucke, Vincent and Rabinovich, Andrew},
  booktitle={Proceedings of the IEEE conference on computer vision and pattern recognition},
  pages={1--9},
  year={2015}
}

@article{20,
  title={Very deep convolutional networks for large-scale image recognition},
  author={Simonyan, Karen and Zisserman, Andrew},
  journal={arXiv preprint arXiv:1409.1556},
  year={2014}
}

@inproceedings{21,
  title={Deep residual learning for image recognition},
  author={He, Kaiming and Zhang, Xiangyu and Ren, Shaoqing and Sun, Jian},
  booktitle={Proceedings of the IEEE conference on computer vision and pattern recognition},
  pages={770--778},
  year={2016}
}

@inproceedings{22,
  title={Identity mappings in deep residual networks},
  author={He, Kaiming and Zhang, Xiangyu and Ren, Shaoqing and Sun, Jian},
  booktitle={European conference on computer vision},
  pages={630--645},
  year={2016},
  organization={Springer}
}

@inproceedings{23,
  title={Fully convolutional networks for semantic segmentation},
  author={Long, Jonathan and Shelhamer, Evan and Darrell, Trevor},
  booktitle={Proceedings of the IEEE conference on computer vision and pattern recognition},
  pages={3431--3440},
  year={2015}
}

@inproceedings{24,
  title={U-net: Convolutional networks for biomedical image segmentation},
  author={Ronneberger, Olaf and Fischer, Philipp and Brox, Thomas},
  booktitle={International Conference on Medical image computing and computer-assisted intervention},
  pages={234--241},
  year={2015},
  organization={Springer}
}

@misc{25,
    author= {F. Chollet et al.},
    year  = {2015},
    title = {Keras},
    note  = {\url{https://github.com/keras-team/keras}, 
             },
}

@inproceedings{26,
  title={Relaxed precision and recall for ontology matching},
  author={Ehrig, Marc and Euzenat, J{\'e}r{\^o}me},
  booktitle={Proc. K-Cap 2005 workshop on Integrating ontology},
  pages={25--32},
  year={2005},
  organization={No commercial editor.}
}

@article{2017Road,
  title={Road Extraction by Deep Residual U-Net},
  author={ Zhang, Z.  and  Liu, Q.  and  Wang, Y. },
  journal={IEEE Geoscience and Remote Sensing Letters},
  volume={PP},
  number={99},
  pages={1-5},
  year={2017},
}