@article{developPlan,
  title={国务院印发《新一代人工智能发展规划》},
  author={中国政府网},
  journal={广播电视信息},
  number={8},
  pages={1},
  year={2017},
}

@inproceedings{wildtrack,
  title={Wildtrack: A multi-camera hd dataset for dense unscripted pedestrian detection},
  author={Chavdarova, Tatjana and Baqu{\'e}, Pierre and Bouquet, St{\'e}phane and Maksai, Andrii and Jose, Cijo and Bagautdinov, Timur and Lettry, Louis and Fua, Pascal and Van Gool, Luc and Fleuret, Fran{\c{c}}ois},
  booktitle={Proceedings of the IEEE Conference on Computer Vision and Pattern Recognition},
  pages={5030--5039},
  year={2018}
}

@article{zivkovic2006efficient,
  title={Efficient adaptive density estimation per image pixel for the task of background subtraction},
  author={Zivkovic, Zoran and Van Der Heijden, Ferdinand},
  journal={Pattern recognition letters},
  volume={27},
  number={7},
  pages={773--780},
  year={2006},
  publisher={Elsevier}
}

@article{codebook,
  title={Real-time foreground--background segmentation using codebook model},
  author={Kim, Kyungnam and Chalidabhongse, Thanarat H and Harwood, David and Davis, Larry},
  journal={Real-time imaging},
  volume={11},
  number={3},
  pages={172--185},
  year={2005},
  publisher={Elsevier}
}

@article{barnich2010vibe,
  title={ViBe: A universal background subtraction algorithm for video sequences},
  author={Barnich, Olivier and Van Droogenbroeck, Marc},
  journal={IEEE Transactions on Image processing},
  volume={20},
  number={6},
  pages={1709--1724},
  year={2010},
  publisher={IEEE}
}

@inproceedings{histograms,
  title={Histograms of oriented gradients for human detection},
  author={Dalal, Navneet and Triggs, Bill},
  booktitle={2005 IEEE computer society conference on computer vision and pattern recognition (CVPR'05)},
  volume={1},
  pages={886--893},
  year={2005},
  organization={Ieee}
}

@article{dollar2009integral,
  title={Integral channel features},
  author={Doll{\'a}r, Piotr and Tu, Zhuowen and Perona, Pietro and Belongie, Serge},
  year={2009},
  publisher={BMVC Press}
}

@inproceedings{monopair,
  title={Monopair: Monocular 3d object detection using pairwise spatial relationships},
  author={Chen, Yongjian and Tai, Lei and Sun, Kai and Li, Mingyang},
  booktitle={Proceedings of the IEEE/CVF Conference on Computer Vision and Pattern Recognition},
  pages={12093--12102},
  year={2020}
}

@inproceedings{monoloco,
  title={Monoloco: Monocular 3d pedestrian localization and uncertainty estimation},
  author={Bertoni, Lorenzo and Kreiss, Sven and Alahi, Alexandre},
  booktitle={Proceedings of the IEEE/CVF International Conference on Computer Vision},
  pages={6861--6871},
  year={2019}
}

@inproceedings{hayakawa,
  title={Recognition and 3d localization of pedestrian actions from monocular video},
  author={Hayakawa, Jun and Dariush, Behzad},
  booktitle={2020 IEEE 23rd International Conference on Intelligent Transportation Systems (ITSC)},
  pages={1--7},
  year={2020},
  organization={IEEE}
}

@article{gou2016person,
  title={Person re-identification in appearance impaired scenarios},
  author={Gou, Mengran and Zhang, Xikang and Rates-Borras, Angels and Asghari-Esfeden, Sadjad and Sznaier, Mario and Camps, Octavia},
  journal={arXiv preprint arXiv:1604.00367},
  year={2016}
}

@inproceedings{mclaughlin2016recurrent,
  title={Recurrent convolutional network for video-based person re-identification},
  author={McLaughlin, Niall and Del Rincon, Jesus Martinez and Miller, Paul},
  booktitle={Proceedings of the IEEE conference on computer vision and pattern recognition},
  pages={1325--1334},
  year={2016}
}

@inproceedings{varior2016siamese,
  title={A siamese long short-term memory architecture for human re-identification},
  author={Varior, Rahul Rama and Shuai, Bing and Lu, Jiwen and Xu, Dong and Wang, Gang},
  booktitle={European conference on computer vision},
  pages={135--153},
  year={2016},
  organization={Springer}
}

@inproceedings{zhao2017spindle,
  title={Spindle net: Person re-identification with human body region guided feature decomposition and fusion},
  author={Zhao, Haiyu and Tian, Maoqing and Sun, Shuyang and Shao, Jing and Yan, Junjie and Yi, Shuai and Wang, Xiaogang and Tang, Xiaoou},
  booktitle={Proceedings of the IEEE conference on computer vision and pattern recognition},
  pages={1077--1085},
  year={2017}
}

@article{liu2017video,
  title={Video-based person re-identification with accumulative motion context},
  author={Liu, Hao and Jie, Zequn and Jayashree, Karlekar and Qi, Meibin and Jiang, Jianguo and Yan, Shuicheng and Feng, Jiashi},
  journal={IEEE transactions on circuits and systems for video technology},
  volume={28},
  number={10},
  pages={2788--2802},
  year={2017},
  publisher={IEEE}
}

@inproceedings{baque2017deep,
  title={Deep occlusion reasoning for multi-camera multi-target detection},
  author={Baqu{\'e}, Pierre and Fleuret, Fran{\c{c}}ois and Fua, Pascal},
  booktitle={Proceedings of the IEEE International Conference on Computer Vision},
  pages={271--279},
  year={2017}
}

@article{fleuret2007multicamera,
  title={Multicamera people tracking with a probabilistic occupancy map},
  author={Fleuret, Francois and Berclaz, Jerome and Lengagne, Richard and Fua, Pascal},
  journal={IEEE transactions on pattern analysis and machine intelligence},
  volume={30},
  number={2},
  pages={267--282},
  year={2007},
  publisher={IEEE}
}

@inproceedings{berclaz2009multiple,
  title={Multiple object tracking using flow linear programming},
  author={Berclaz, Jerome and Fleuret, Francois and Fua, Pascal},
  booktitle={2009 Twelfth IEEE international workshop on performance evaluation of tracking and surveillance},
  pages={1--8},
  year={2009},
  organization={IEEE}
}

@inproceedings{ge2010crowd,
  title={Crowd detection with a multiview sampler},
  author={Ge, Weina and Collins, Robert T},
  booktitle={European Conference on Computer Vision},
  pages={324--337},
  year={2010},
  organization={Springer}
}

@inproceedings{chavdarova2017deep,
  title={Deep multi-camera people detection},
  author={Chavdarova, Tatjana and Fleuret, Fran{\c{c}}ois},
  booktitle={2017 16th IEEE International Conference on Machine Learning and Applications (ICMLA)},
  pages={848--853},
  year={2017},
  organization={IEEE}
}

@inproceedings{dollar2009pedestrian,
  title={Pedestrian detection: A benchmark},
  author={Doll{\'a}r, Piotr and Wojek, Christian and Schiele, Bernt and Perona, Pietro},
  booktitle={2009 IEEE conference on computer vision and pattern recognition},
  pages={304--311},
  year={2009},
  organization={IEEE}
}

@article{faster2015towards,
  title={Towards real-time object detection with region proposal networks},
  author={Faster, RCNN},
  journal={Advances in neural information processing systems},
  volume={9199},
  number={10.5555},
  pages={2969239--2969250},
  year={2015}
}

@article{vora2021bringing,
  title={Bringing Generalization to Deep Multi-view Detection},
  author={Vora, Jeet and Dutta, Swetanjal and Jain, Kanishk and Karthik, Shyamgopal and Gandhi, Vineet},
  journal={arXiv preprint arXiv:2109.12227},
  year={2021}
}

@inproceedings{lima2021generalizable,
  title={Generalizable multi-camera 3d pedestrian detection},
  author={Lima, Joao Paulo and Roberto, Rafael and Figueiredo, Lucas and Simoes, Francisco and Teichrieb, Veronica},
  booktitle={Proceedings of the IEEE/CVF Conference on Computer Vision and Pattern Recognition},
  pages={1232--1240},
  year={2021}
}

@inproceedings{hou2020multiview,
  title={Multiview detection with feature perspective transformation},
  author={Hou, Yunzhong and Zheng, Liang and Gould, Stephen},
  booktitle={European Conference on Computer Vision},
  pages={1--18},
  year={2020},
  organization={Springer}
}

@article{you2020real,
  title={Real-time 3d deep multi-camera tracking},
  author={You, Quanzeng and Jiang, Hao},
  journal={arXiv preprint arXiv:2003.11753},
  year={2020}
}

@inproceedings{fang2017rmpe,
  title={{RMPE}: Regional Multi-person Pose Estimation},
  author={Fang, Hao-Shu and Xie, Shuqin and Tai, Yu-Wing and Lu, Cewu},
  booktitle={ICCV},
  year={2017}
}

@inproceedings{li2019crowdpose,
  title={Crowdpose: Efficient crowded scenes pose estimation and a new benchmark},
  author={Li, Jiefeng and Wang, Can and Zhu, Hao and Mao, Yihuan and Fang, Hao-Shu and Lu, Cewu},
  booktitle={Proceedings of the IEEE/CVF conference on computer vision and pattern recognition},
  pages={10863--10872},
  year={2019}
}

@inproceedings{xiu2018poseflow,
  author = {Xiu, Yuliang and Li, Jiefeng and Wang, Haoyu and Fang, Yinghong and Lu, Cewu},
  title = {{Pose Flow}: Efficient Online Pose Tracking},
  booktitle={BMVC},
  year = {2018}
}

@inproceedings{jha2019resunet,
  title={Resunet++: An advanced architecture for medical image segmentation},
  author={Jha, Debesh and Smedsrud, Pia H and Riegler, Michael A and Johansen, Dag and De Lange, Thomas and Halvorsen, P{\aa}l and Johansen, H{\aa}vard D},
  booktitle={2019 IEEE International Symposium on Multimedia (ISM)},
  pages={225--2255},
  year={2019},
  organization={IEEE}
}

@inproceedings{lin2014microsoft,
  title={Microsoft coco: Common objects in context},
  author={Lin, Tsung-Yi and Maire, Michael and Belongie, Serge and Hays, James and Perona, Pietro and Ramanan, Deva and Doll{\'a}r, Piotr and Zitnick, C Lawrence},
  booktitle={European conference on computer vision},
  pages={740--755},
  year={2014},
  organization={Springer}
}

@inproceedings{Ristani2016PerformanceMA,
    author = "Ristani, Ergys and Solera, Francesco and Zou, Roger S. and Cucchiara, R. and Tomasi, Carlo",
    title = "Performance Measures and a Data Set for Multi-target, Multi-camera Tracking",
    booktitle = "ECCV Workshops",
    year = "2016"
}

@article{A2018Semantic,
  title={Semantic Driven Multi-Camera Pedestrian Detection},
  author={A López-Cifuentes and M Escudero-Viñolo and J Bescós and  Carballeira, P. },
  year={2018},
}

@article{2016V,
  title={V-Net: Fully Convolutional Neural Networks for Volumetric Medical Image Segmentation},
  author={Fausto Milletari and Navab, N. and Ahmadi, S. A. },
  journal={2016 Fourth International Conference on 3D Vision (3DV)},
  year={2016},
}

@article{2015U,
  title={U-Net: Convolutional Networks for Biomedical Image Segmentation},
  author={ Ronneberger, O.  and  Fischer, P.  and  Brox, T. },
  journal={Springer International Publishing},
  year={2015},
}

@article{2017Road,
  title={Road Extraction by Deep Residual U-Net},
  author={ Zhang, Z.  and  Liu, Q.  and  Wang, Y. },
  journal={IEEE Geoscience and Remote Sensing Letters},
  volume={PP},
  number={99},
  pages={1-5},
  year={2017},
}

@article{2019ResUNet,
  title={ResUNet++: An Advanced Architecture for Medical Image Segmentation},
  author={ Jha, D.  and  Smedsrud, P. H.  and  Riegler, M. A.  and  Johansen, D.  and Simulamet},
  journal={arXiv},
  year={2019},
}

@article{2015Fully,
  title={Fully Convolutional Networks for Semantic Segmentation},
  author={ Long, J.  and  Shelhamer, E.  and  Darrell, T. },
  journal={IEEE Transactions on Pattern Analysis and Machine Intelligence},
  volume={39},
  number={4},
  pages={640-651},
  year={2015},
}

@inproceedings{he2016deep,
  title={Deep residual learning for image recognition},
  author={He, Kaiming and Zhang, Xiangyu and Ren, Shaoqing and Sun, Jian},
  booktitle={Proceedings of the IEEE conference on computer vision and pattern recognition},
  pages={770--778},
  year={2016}
}

@article{2017Squeeze,
  title={Squeeze-and-Excitation Networks},
  author={ Jie, H.  and  Li, S.  and  Gang, S.  and  Albanie, S. },
  journal={IEEE Transactions on Pattern Analysis and Machine Intelligence},
  volume={PP},
  number={99},
  year={2017},
}

@article{2014Spatial,
  title={Spatial Pyramid Pooling in Deep Convolutional Networks for Visual Recognition},
  author={ He, K.  and  Zhang, X.  and  Ren, S.  and  Sun, J. },
  journal={IEEE Transactions on Pattern Analysis and Machine Intelligence},
  volume={37},
  number={9},
  pages={1904-16},
  year={2014},
}

@inproceedings{2021Generalizable,
  title={Generalizable multi-camera 3d pedestrian detection},
  author={Lima, Joao Paulo and Roberto, Rafael and Figueiredo, Lucas and Simoes, Francisco and Teichrieb, Veronica},
  booktitle={Proceedings of the IEEE/CVF Conference on Computer Vision and Pattern Recognition},
  pages={1232--1240},
  year={2021}
}

@article{zhangkun1994,
  author     = {张昆 and 冯立群 and 余昌钰 and others},
  title      = {机器人柔性手腕的球面齿轮设计研究},
  journal    = {清华大学学报: 自然科学版},
  volume     = {34},
  number     = {2},
  pages      = {1--7},
  year       = {1994},
  key        = {zhang1 kun1},
}


